#FLAGGA 0
#FNAMN "AB Danag?rds Grafiska"
#FORMAT PC8
#GEN 20101029 GKS
#SIETYP 4
#KPTYP EUBAS99
#PROGRAM  "GKS3" 1
#DIM      1  "Resultatenhet"
#UNDERDIM 01 "Original" 1
#UNDERDIM 03 "Bildrepro" 1
#UNDERDIM 06 "Pl?t" 1
#UNDERDIM 07 "Tryckning" 1
#UNDERDIM 08 "Papper" 1
#UNDERDIM 09 "F?rg" 1
#UNDERDIM 10 "Falsning" 1
#UNDERDIM 11 "Bindning" 1
#UNDERDIM 12 "Efterbehandling" 1
#UNDERDIM 13 "Expedition" 1
#UNDERDIM 14 "Frakt" 1
#UNDERDIM 16 "Brytning" 1
#UNDERDIM 18 "Prisjustering" 1
#UNDERDIM 20 "Byr?provision" 1
#OBJEKT   1 "01" "Original"
#OBJEKT   1 "03" "Bildrepro"
#OBJEKT   1 "06" "Pl?t"
#OBJEKT   1 "07" "Tryckning"
#OBJEKT   1 "08" "Papper"
#OBJEKT   1 "09" "F?rg"
#OBJEKT   1 "10" "Falsning"
#OBJEKT   1 "11" "Bindning"
#OBJEKT   1 "12" "Efterbehandling"
#OBJEKT   1 "13" "Expedition"
#OBJEKT   1 "14" "Frakt"
#OBJEKT   1 "16" "Brytning"
#OBJEKT   1 "18" "Prisjustering"
#OBJEKT   1 "20" "Byr?provision"
#KONTO 1510 "Kundfordringar pantf?rskrivna"
#KONTO 2411 "Avr?kning factoring"
#KONTO 2611 "Utg?ende moms"
#KONTO 3010 "F?rs?ljning momspliktig"
#KONTO 3020 "F?rs?ljning, momsbefriat inom Sverige"
#KONTO 3420 "F?rs?ljning Web/IT"
#KONTO 3520 "Frakt momspliktigt"
#KONTO 3525 "Porto momspliktigt"
#KONTO 3530 "Frakt momsfri"
#VER "K" "408307" 20100709 "1187 F-nr:408307"
{
   #TRANS 1510 {} 20615
   #TRANS 2611 {} -4123
   #TRANS 3010 {"1" "03"} -730
   #TRANS 3010 {"1" "06"} -1375
   #TRANS 3010 {"1" "07"} -3675
   #TRANS 3010 {"1" "08"} -4805
   #TRANS 3010 {"1" "09"} -163
   #TRANS 3010 {"1" "11"} -4207
   #TRANS 3010 {"1" "13"} -270
   #TRANS 3010 {"1" "14"} -500
   #TRANS 3010 {"1" "18"} 2243
   #TRANS 3010 {"1" "20"} -1498
   #TRANS 3520 {} -1512
}
#VER "K" "408308" 20100709 "1757 F-nr:408308"
{
   #TRANS 1510 {} 157562
   #TRANS 3020 {"1" "06"} -14850
   #TRANS 3020 {"1" "07"} -27134
   #TRANS 3020 {"1" "08"} -14675
   #TRANS 3020 {"1" "09"} -541
   #TRANS 3020 {"1" "10"} -2922
   #TRANS 3020 {"1" "11"} -2624
   #TRANS 3020 {"1" "13"} -251
   #TRANS 3020 {"1" "14"} -1500
   #TRANS 3020 {"1" "18"} -4255.9
   #TRANS 3020 {"1" "20"} -3722.1
   #TRANS 3020 {} -4480
   #TRANS 3020 {} -900
   #TRANS 3020 {} -550
   #TRANS 3020 {} -904
   #TRANS 3020 {} -750
   #TRANS 3020 {} -650
   #TRANS 3020 {} -900
   #TRANS 3020 {} -2248
   #TRANS 3020 {} -19500
   #TRANS 3020 {} -90
   #TRANS 3020 {} -51500
   #TRANS 3020 {"1" "03"} -1232
   #TRANS 3020 {"1" "16"} -401
   #TRANS 3020 {"1" "12"} -329
   #TRANS 3530 {} -325
   #TRANS 3530 {} -328
}
#VER "K" "408309" 20100709 "1857 F-nr:408309"
{
   #TRANS 1510 {} 46219
   #TRANS 2611 {} -9244
   #TRANS 3010 {"1" "03"} -2348
   #TRANS 3010 {"1" "06"} -11550
   #TRANS 3010 {"1" "07"} -21948
   #TRANS 3010 {"1" "08"} -7845
   #TRANS 3010 {"1" "09"} -329
   #TRANS 3010 {"1" "11"} -5912
   #TRANS 3010 {"1" "13"} -393
   #TRANS 3010 {"1" "14"} -1650
   #TRANS 3010 {"1" "18"} 15475
   #TRANS 3010 {} -475
}
#VER "K" "408310" 20100709 "1878 F-nr:408310"
{
   #TRANS 1510 {} 56365
   #TRANS 2611 {} -11273
   #TRANS 3010 {"1" "03"} -2142
   #TRANS 3010 {"1" "06"} -6600
   #TRANS 3010 {"1" "07"} -13525
   #TRANS 3010 {"1" "08"} -8023
   #TRANS 3010 {"1" "09"} -460
   #TRANS 3010 {"1" "10"} -3252
   #TRANS 3010 {"1" "11"} -4791
   #TRANS 3010 {"1" "13"} -557
   #TRANS 3010 {"1" "14"} -2480
   #TRANS 3010 {"1" "18"} 507
   #TRANS 3010 {} -2032
   #TRANS 3010 {} -556
   #TRANS 3010 {"1" "12"} -856
   #TRANS 3520 {} -325
}
#VER "K" "408311" 20100709 "2015 F-nr:408311"
{
   #TRANS 1510 {} 69843
   #TRANS 2611 {} -13969
   #TRANS 3010 {"1" "03"} -8218
   #TRANS 3010 {"1" "06"} -15400
   #TRANS 3010 {"1" "07"} -20720
   #TRANS 3010 {"1" "08"} -10809
   #TRANS 3010 {"1" "09"} -387
   #TRANS 3010 {"1" "11"} -9444
   #TRANS 3010 {"1" "12"} -1600
   #TRANS 3010 {"1" "13"} -525
   #TRANS 3010 {"1" "14"} -500
   #TRANS 3010 {"1" "18"} 14333
   #TRANS 3010 {} -825
   #TRANS 3520 {} -336
   #TRANS 3520 {} -1443
}
#VER "K" "408312" 20100709 "2015 F-nr:408312"
{
   #TRANS 1510 {} 22961
   #TRANS 2611 {} -4592
   #TRANS 3010 {"1" "03"} -1034
   #TRANS 3010 {"1" "06"} -6600
   #TRANS 3010 {"1" "07"} -9960
   #TRANS 3010 {"1" "08"} -2707
   #TRANS 3010 {"1" "09"} -79
   #TRANS 3010 {"1" "10"} -665
   #TRANS 3010 {"1" "11"} -831
   #TRANS 3010 {"1" "13"} -120
   #TRANS 3010 {"1" "14"} -500
   #TRANS 3010 {"1" "18"} 5596
   #TRANS 3010 {} -625
   #TRANS 3520 {} -844
}
#VER "K" "408313" 20100709 "2051 F-nr:408313"
{
   #TRANS 1510 {} 35125
   #TRANS 2611 {} -7025
   #TRANS 3010 {"1" "03"} -2970
   #TRANS 3010 {"1" "06"} -8250
   #TRANS 3010 {"1" "07"} -15805
   #TRANS 3010 {"1" "08"} -6646
   #TRANS 3010 {"1" "09"} -291
   #TRANS 3010 {"1" "10"} -1031
   #TRANS 3010 {"1" "11"} -1268
   #TRANS 3010 {"1" "13"} -480
   #TRANS 3010 {"1" "14"} -500
   #TRANS 3010 {"1" "18"} 9766
   #TRANS 3010 {} -625
}
#VER "K" "408314" 20100709 "2051 F-nr:408314"
{
   #TRANS 1510 {} 11479
   #TRANS 2611 {} -2296
   #TRANS 3010 {} -2988
   #TRANS 3010 {} -6195
}
#VER "K" "408315" 20100709 "2117 F-nr:408315"
{
   #TRANS 1510 {} 25394
   #TRANS 2611 {} -5079
   #TRANS 3010 {"1" "03"} -638
   #TRANS 3010 {"1" "06"} -2200
   #TRANS 3010 {"1" "07"} -6270
   #TRANS 3010 {"1" "08"} -6134
   #TRANS 3010 {"1" "09"} -439
   #TRANS 3010 {"1" "10"} -2525
   #TRANS 3010 {"1" "12"} -817
   #TRANS 3010 {"1" "13"} -570
   #TRANS 3010 {"1" "14"} -500
   #TRANS 3010 {"1" "18"} 1877
   #TRANS 3010 {"1" "20"} -184
   #TRANS 3520 {} -1590
   #TRANS 3520 {} -325
}
#VER "K" "408316" 20100709 "2149 F-nr:408316"
{
   #TRANS 1510 {} 41513
   #TRANS 2611 {} -8303
   #TRANS 3010 {"1" "03"} -1170
   #TRANS 3010 {"1" "06"} -7700
   #TRANS 3010 {"1" "07"} -12154
   #TRANS 3010 {"1" "08"} -6637
   #TRANS 3010 {"1" "09"} -267
   #TRANS 3010 {"1" "11"} -4274
   #TRANS 3010 {"1" "12"} -2030
   #TRANS 3010 {"1" "13"} -390
   #TRANS 3010 {"1" "14"} -500
   #TRANS 3010 {"1" "18"} 2244.1
   #TRANS 3010 {"1" "20"} -332.1
}
#VER "K" "408317" 20100709 "2309 F-nr:408317"
{
   #TRANS 1510 {} 32649
   #TRANS 2611 {} -6530
   #TRANS 3010 {"1" "03"} -3760
   #TRANS 3010 {"1" "06"} -6600
   #TRANS 3010 {"1" "07"} -14730
   #TRANS 3010 {"1" "08"} -7588
   #TRANS 3010 {"1" "09"} -385
   #TRANS 3010 {"1" "10"} -1267
   #TRANS 3010 {"1" "11"} -1336
   #TRANS 3010 {"1" "13"} -510
   #TRANS 3010 {"1" "14"} -1150
   #TRANS 3010 {"1" "16"} -298
   #TRANS 3010 {"1" "18"} 13647.19
   #TRANS 3010 {"1" "20"} -242.19
   #TRANS 3010 {} -1900
}
#VER "K" "408318" 20100709 "2369 F-nr:408318"
{
   #TRANS 1510 {} 77145
   #TRANS 2611 {} -15429
   #TRANS 3010 {"1" "03"} -1394
   #TRANS 3010 {"1" "06"} -16500
   #TRANS 3010 {"1" "07"} -19767
   #TRANS 3010 {"1" "08"} -5570
   #TRANS 3010 {"1" "09"} -214
   #TRANS 3010 {"1" "11"} -3963
   #TRANS 3010 {"1" "13"} -317
   #TRANS 3010 {"1" "14"} -2431
   #TRANS 3010 {"1" "18"} -7251
   #TRANS 3010 {} -944
   #TRANS 3010 {} -819
   #TRANS 3010 {} 19
   #TRANS 3010 {} -2565
}
#VER "K" "408319" 20100709 "2369 F-nr:408319"
{
   #TRANS 1510 {} 4973
   #TRANS 2611 {} -995
   #TRANS 3010 {"1" "03"} -367
   #TRANS 3010 {"1" "06"} -275
   #TRANS 3010 {"1" "07"} -820
   #TRANS 3010 {"1" "08"} -285
   #TRANS 3010 {"1" "09"} -1
   #TRANS 3010 {"1" "12"} -271
   #TRANS 3010 {"1" "14"} -500
   #TRANS 3010 {"1" "18"} -984
   #TRANS 3010 {} -475
}
#VER "K" "408320" 20100709 "2541 F-nr:408320"
{
   #TRANS 1510 {} 12938
   #TRANS 2611 {} -2588
   #TRANS 3010 {"1" "03"} -388
   #TRANS 3010 {"1" "06"} -2200
   #TRANS 3010 {"1" "07"} -3745
   #TRANS 3010 {"1" "08"} -671
   #TRANS 3010 {"1" "09"} -20
   #TRANS 3010 {"1" "10"} -565
   #TRANS 3010 {"1" "12"} -355
   #TRANS 3010 {"1" "13"} -30
   #TRANS 3010 {"1" "14"} -802
   #TRANS 3010 {"1" "18"} 176
   #TRANS 3010 {} -1425
   #TRANS 3520 {} -325
}
#VER "K" "408321" 20100709 "2610 F-nr:408321"
{
   #TRANS 1510 {} 805
   #TRANS 2611 {} -161
   #TRANS 3520 {} 836
   #TRANS 3520 {} -1155
   #TRANS 3520 {} -325
}
#VER "K" "408322" 20100709 "2730 F-nr:408322"
{
   #TRANS 1510 {} 9549
   #TRANS 2611 {} -1910
   #TRANS 3010 {} -6406
   #TRANS 3520 {} -1233
}
#VER "K" "408323" 20100709 "2780 F-nr:408323"
{
   #TRANS 1510 {} 1981
   #TRANS 2611 {} -396
   #TRANS 3010 {} -1160
   #TRANS 3520 {} -425
}
#VER "K" "408324" 20100709 "3044 F-nr:408324"
{
   #TRANS 1510 {} 8333
   #TRANS 2611 {} -1667
   #TRANS 3010 {"1" "03"} -374
   #TRANS 3010 {"1" "06"} -1100
   #TRANS 3010 {"1" "07"} -2190
   #TRANS 3010 {"1" "08"} -780
   #TRANS 3010 {"1" "09"} -10
   #TRANS 3010 {"1" "12"} -311
   #TRANS 3010 {"1" "14"} -500
   #TRANS 3010 {"1" "18"} 349
   #TRANS 3010 {} -1425
   #TRANS 3530 {} -325
}
#VER "K" "408325" 20100709 "3195 F-nr:408325"
{
   #TRANS 1510 {} 9414
   #TRANS 2611 {} -1883
   #TRANS 3010 {"1" "03"} -638
   #TRANS 3010 {"1" "06"} -2200
   #TRANS 3010 {"1" "07"} -3755
   #TRANS 3010 {"1" "08"} -840
   #TRANS 3010 {"1" "09"} -26
   #TRANS 3010 {"1" "11"} -988
   #TRANS 3010 {"1" "12"} -407
   #TRANS 3010 {"1" "13"} -46
   #TRANS 3010 {"1" "14"} -500
   #TRANS 3010 {"1" "18"} 2246
   #TRANS 3010 {"1" "20"} -377
}
#VER "K" "408326" 20100709 "3531 F-nr:408326"
{
   #TRANS 1510 {} 14880
   #TRANS 2611 {} -2976
   #TRANS 3010 {"1" "03"} -1300
   #TRANS 3010 {"1" "06"} -2200
   #TRANS 3010 {"1" "07"} -5586
   #TRANS 3010 {"1" "08"} -4166
   #TRANS 3010 {"1" "09"} -196
   #TRANS 3010 {"1" "10"} -641
   #TRANS 3010 {"1" "11"} -1045
   #TRANS 3010 {"1" "13"} -299
   #TRANS 3010 {"1" "14"} -1226
   #TRANS 3010 {"1" "18"} 4755
}
#VER "K" "408327" 20100709 "4543534 F-nr:408327"
{
   #TRANS 1510 {} 4769
   #TRANS 2611 {} -954
   #TRANS 3010 {"1" "03"} -416
   #TRANS 3010 {"1" "06"} -1100
   #TRANS 3010 {"1" "07"} -2468
   #TRANS 3010 {"1" "08"} -1196
   #TRANS 3010 {"1" "09"} -20
   #TRANS 3010 {"1" "10"} -579
   #TRANS 3010 {"1" "12"} -419
   #TRANS 3010 {"1" "13"} -90
   #TRANS 3010 {"1" "14"} -500
   #TRANS 3010 {"1" "18"} 3298
   #TRANS 3525 {} -325
}
#VER "K" "408328" 20100709 "4543534 F-nr:408328"
{
   #TRANS 1510 {} 4950
   #TRANS 2611 {} -990
   #TRANS 3010 {"1" "03"} -416
   #TRANS 3010 {"1" "06"} -1100
   #TRANS 3010 {"1" "07"} -2497
   #TRANS 3010 {"1" "08"} -1080
   #TRANS 3010 {"1" "09"} -20
   #TRANS 3010 {"1" "10"} -598
   #TRANS 3010 {"1" "12"} -433
   #TRANS 3010 {"1" "13"} -90
   #TRANS 3010 {"1" "14"} -500
   #TRANS 3010 {"1" "16"} -324
   #TRANS 3010 {"1" "18"} 3423
   #TRANS 3525 {} -325
}
#VER "K" "408329" 20100709 "4543534 F-nr:408329"
{
   #TRANS 1510 {} 4639
   #TRANS 2611 {} -928
   #TRANS 3010 {"1" "03"} -416
   #TRANS 3010 {"1" "07"} -1787
   #TRANS 3010 {"1" "08"} -932
   #TRANS 3010 {"1" "09"} -14
   #TRANS 3010 {"1" "10"} -526
   #TRANS 3010 {"1" "12"} -382
   #TRANS 3010 {"1" "13"} -60
   #TRANS 3010 {"1" "14"} -500
   #TRANS 3010 {"1" "18"} 1231
   #TRANS 3525 {} -325
}
#VER "K" "408330" 20100709 "1022 F-nr:408330"
{
   #TRANS 1510 {} 15559
   #TRANS 2611 {} -3112
   #TRANS 3010 {} -12447
}
#VER "K" "408331" 20100722 "1004 F-nr:408331"
{
   #TRANS 1510 {} 625
   #TRANS 2611 {} -125
   #TRANS 3010 {} -500
}
#VER "K" "408332" 20100722 "1022 F-nr:408332"
{
   #TRANS 1510 {} -24450
   #TRANS 2611 {} 4890
   #TRANS 3010 {} 19560
}
#VER "K" "408333" 20100722 "1757 F-nr:408333"
{
   #TRANS 1510 {} 51500
   #TRANS 3020 {} -51500
}
#VER "K" "408334" 20100722 "1993519 F-nr:408334"
{
   #TRANS 1510 {} 3425
   #TRANS 2611 {} -685
   #TRANS 3010 {"1" "03"} -574
   #TRANS 3010 {"1" "07"} -481
   #TRANS 3010 {"1" "08"} -59
   #TRANS 3010 {"1" "09"} -3
   #TRANS 3010 {"1" "12"} -275
   #TRANS 3010 {"1" "13"} -15
   #TRANS 3010 {"1" "14"} -500
   #TRANS 3010 {"1" "16"} -296
   #TRANS 3010 {"1" "18"} -537
}
#VER "K" "408335" 20100722 "1993601 F-nr:408335"
{
   #TRANS 1510 {} 4813
   #TRANS 2611 {} -963
   #TRANS 3010 {"1" "01"} -725
   #TRANS 3010 {"1" "03"} -574
   #TRANS 3010 {"1" "07"} -625
   #TRANS 3010 {"1" "08"} -77
   #TRANS 3010 {"1" "09"} -4
   #TRANS 3010 {"1" "12"} -855
   #TRANS 3010 {"1" "14"} -500
   #TRANS 3010 {"1" "16"} -296
   #TRANS 3010 {"1" "18"} -194
}
#VER "K" "408336" 20100722 "2149 F-nr:408336"
{
   #TRANS 1510 {} 3071
   #TRANS 2611 {} -614
   #TRANS 3010 {"1" "03"} -374
   #TRANS 3010 {"1" "07"} -640
   #TRANS 3010 {"1" "08"} -152
   #TRANS 3010 {"1" "09"} -4
   #TRANS 3010 {"1" "12"} -297
   #TRANS 3010 {"1" "13"} -15
   #TRANS 3010 {"1" "14"} -500
   #TRANS 3010 {"1" "16"} -299
   #TRANS 3010 {"1" "18"} 86.17
   #TRANS 3010 {"1" "20"} -22.17
   #TRANS 3520 {} -240
}
#VER "K" "408337" 20100722 "2738 F-nr:408337"
{
   #TRANS 1510 {} 5115
   #TRANS 2611 {} -1023
   #TRANS 3010 {} -3955
   #TRANS 3010 {} -137
}
#VER "K" "408338" 20100722 "3503 F-nr:408338"
{
   #TRANS 1510 {} -96374
   #TRANS 2611 {} 19275
   #TRANS 3010 {} 73000
   #TRANS 3010 {} 1270
   #TRANS 3010 {} 475
   #TRANS 3520 {} 2354
}
#VER "K" "408339" 20100722 "3548 F-nr:408339"
{
   #TRANS 1510 {} 3546
   #TRANS 2611 {} -709
   #TRANS 3010 {"1" "03"} -588
   #TRANS 3010 {"1" "07"} -161
   #TRANS 3010 {"1" "08"} -46
   #TRANS 3010 {"1" "09"} -3
   #TRANS 3010 {"1" "10"} -378
   #TRANS 3010 {"1" "12"} -273
   #TRANS 3010 {"1" "13"} -15
   #TRANS 3010 {"1" "14"} -500
   #TRANS 3010 {"1" "18"} -736
   #TRANS 3520 {} -137
}
#VER "K" "408340" 20100722 "3548 F-nr:408340"
{
   #TRANS 1510 {} 4119
   #TRANS 2611 {} -824
   #TRANS 3010 {"1" "03"} -574
   #TRANS 3010 {"1" "07"} -1024
   #TRANS 3010 {"1" "08"} -169
   #TRANS 3010 {"1" "09"} -7
   #TRANS 3010 {"1" "12"} -292
   #TRANS 3010 {"1" "13"} -30
   #TRANS 3010 {"1" "14"} -500
   #TRANS 3010 {"1" "16"} -302
   #TRANS 3010 {"1" "18"} 248
   #TRANS 3520 {} -645
}
#VER "K" "408341" 20100722 "3548 F-nr:408341"
{
   #TRANS 1510 {} 5306
   #TRANS 2611 {} -1061
   #TRANS 3010 {"1" "03"} -574
   #TRANS 3010 {"1" "07"} -64
   #TRANS 3010 {"1" "08"} -15
   #TRANS 3010 {"1" "12"} -1277
   #TRANS 3010 {"1" "13"} -15
   #TRANS 3010 {"1" "14"} -500
   #TRANS 3010 {"1" "16"} -298
   #TRANS 3010 {"1" "18"} -1357
   #TRANS 3520 {} -145
}
#VER "K" "408342" 20100722 "3548 F-nr:408342"
{
   #TRANS 1510 {} 1218
   #TRANS 2611 {} -244
   #TRANS 3010 {} -920
   #TRANS 3520 {} -54
}
#VER "K" "408343" 20100722 "3550 F-nr:408343"
{
   #TRANS 1510 {} 96575
   #TRANS 2611 {} -19315
   #TRANS 3010 {"1" "03"} -458
   #TRANS 3010 {"1" "06"} -6600
   #TRANS 3010 {"1" "07"} -5817
   #TRANS 3010 {"1" "08"} -6099
   #TRANS 3010 {"1" "09"} -194
   #TRANS 3010 {"1" "12"} -1
   #TRANS 3010 {"1" "13"} -100
   #TRANS 3010 {"1" "14"} -500
   #TRANS 3010 {"1" "18"} -57491
}
#VER "K" "408344" 20100722 "3550 F-nr:408344"
{
   #TRANS 1510 {} 148824
   #TRANS 2611 {} -29765
   #TRANS 3010 {"1" "03"} -472
   #TRANS 3010 {"1" "06"} -6600
   #TRANS 3010 {"1" "07"} -18450
   #TRANS 3010 {"1" "08"} -36912
   #TRANS 3010 {"1" "09"} -1899
   #TRANS 3010 {"1" "10"} -6303
   #TRANS 3010 {"1" "12"} -1975
   #TRANS 3010 {"1" "13"} -2500
   #TRANS 3010 {"1" "14"} -500
   #TRANS 3010 {"1" "18"} -6228
   #TRANS 3010 {} -9000
   #TRANS 3010 {} -28220
}
#VER "K" "408345" 20100722 "3550 F-nr:408345"
{
   #TRANS 1510 {} 21806
   #TRANS 2611 {} -4361
   #TRANS 3010 {"1" "03"} -402
   #TRANS 3010 {"1" "06"} -2200
   #TRANS 3010 {"1" "07"} -5010
   #TRANS 3010 {"1" "08"} -5922
   #TRANS 3010 {"1" "09"} -285
   #TRANS 3010 {"1" "10"} -1027
   #TRANS 3010 {"1" "12"} -542
   #TRANS 3010 {"1" "13"} -160
   #TRANS 3010 {"1" "14"} -500
   #TRANS 3010 {"1" "18"} -1397
}
#VER "K" "408346" 20100722 "3550 F-nr:408346"
{
   #TRANS 1510 {} 32260
   #TRANS 2611 {} -6452
   #TRANS 3010 {"1" "03"} -444
   #TRANS 3010 {"1" "06"} -4400
   #TRANS 3010 {"1" "07"} -12090
   #TRANS 3010 {"1" "08"} -11527
   #TRANS 3010 {"1" "09"} -569
   #TRANS 3010 {"1" "12"} -1174
   #TRANS 3010 {"1" "13"} -750
   #TRANS 3010 {"1" "14"} -500
   #TRANS 3010 {"1" "18"} 5646
}
#VER "K" "408347" 20100722 "3550 F-nr:408347"
{
   #TRANS 1510 {} 23438
   #TRANS 2611 {} -4688
   #TRANS 3010 {"1" "03"} -402
   #TRANS 3010 {"1" "06"} -2200
   #TRANS 3010 {"1" "07"} -5550
   #TRANS 3010 {"1" "08"} -6198
   #TRANS 3010 {"1" "09"} -313
   #TRANS 3010 {"1" "10"} -1243
   #TRANS 3010 {"1" "12"} -730
   #TRANS 3010 {"1" "13"} -150
   #TRANS 3010 {"1" "14"} -500
   #TRANS 3010 {"1" "18"} -964
   #TRANS 3010 {} -500
}
#VER "K" "408348" 20100722 "3550 F-nr:408348"
{
   #TRANS 1510 {} 20194
   #TRANS 2611 {} -4039
   #TRANS 3010 {"1" "03"} -402
   #TRANS 3010 {"1" "06"} -2200
   #TRANS 3010 {"1" "07"} -4560
   #TRANS 3010 {"1" "08"} -3351
   #TRANS 3010 {"1" "09"} -157
   #TRANS 3010 {"1" "10"} -1
   #TRANS 3010 {"1" "12"} -678
   #TRANS 3010 {"1" "13"} -75
   #TRANS 3010 {"1" "14"} -500
   #TRANS 3010 {"1" "18"} -2726
   #TRANS 3010 {} -1105
   #TRANS 3010 {} -400
}
#VER "K" "408349" 20100722 "3550 F-nr:408349"
{
   #TRANS 1510 {} 29181
   #TRANS 2611 {} -5836
   #TRANS 3010 {"1" "03"} -416
   #TRANS 3010 {"1" "06"} -2200
   #TRANS 3010 {"1" "07"} -5730
   #TRANS 3010 {"1" "08"} -7710
   #TRANS 3010 {"1" "09"} -342
   #TRANS 3010 {"1" "10"} -1656
   #TRANS 3010 {"1" "11"} -3944
   #TRANS 3010 {"1" "12"} -1
   #TRANS 3010 {"1" "13"} -500
   #TRANS 3010 {"1" "14"} -500
   #TRANS 3010 {"1" "18"} -346
}
#VER "K" "408350" 20100722 "3550 F-nr:408350"
{
   #TRANS 1510 {} 37294
   #TRANS 2611 {} -7459
   #TRANS 3010 {"1" "03"} -416
   #TRANS 3010 {"1" "06"} -4400
   #TRANS 3010 {"1" "07"} -9660
   #TRANS 3010 {"1" "08"} -10943
   #TRANS 3010 {"1" "09"} -475
   #TRANS 3010 {"1" "10"} -1415
   #TRANS 3010 {"1" "11"} -2657
   #TRANS 3010 {"1" "12"} -1
   #TRANS 3010 {"1" "13"} -630
   #TRANS 3010 {"1" "14"} -500
   #TRANS 3010 {"1" "18"} 1262
}
#VER "K" "408351" 20100722 "3550 F-nr:408351"
{
   #TRANS 1510 {} 1739
   #TRANS 2611 {} -348
   #TRANS 3010 {"1" "03"} -574
   #TRANS 3010 {"1" "07"} -256
   #TRANS 3010 {"1" "08"} -43
   #TRANS 3010 {"1" "09"} -1
   #TRANS 3010 {"1" "12"} -276
   #TRANS 3010 {"1" "13"} -15
   #TRANS 3010 {"1" "14"} -500
   #TRANS 3010 {"1" "16"} -302
   #TRANS 3010 {"1" "18"} 576
}
#VER "K" "408352" 20100722 "3550 F-nr:408352"
{
   #TRANS 1510 {} 19094
   #TRANS 2611 {} -3819
   #TRANS 3010 {} -15275
}
#VER "K" "408353" 20100722 "3550 F-nr:408353"
{
   #TRANS 1510 {} 19094
   #TRANS 2611 {} -3819
   #TRANS 3010 {} -15275
}
#VER "K" "408354" 20100722 "3550 F-nr:408354"
{
   #TRANS 1510 {} 6750
   #TRANS 2611 {} -1350
   #TRANS 3010 {} -2850
   #TRANS 3010 {} -2550
}
#VER "K" "408355" 20100722 "3550 F-nr:408355"
{
   #TRANS 1510 {} 21088
   #TRANS 2611 {} -4218
   #TRANS 3010 {} -16870
}
#VER "K" "408356" 20100722 "3550 F-nr:408356"
{
   #TRANS 1510 {} 48438
   #TRANS 2611 {} -9688
   #TRANS 3010 {} -38750
}
#VER "K" "408357" 20100722 "4208 F-nr:408357"
{
   #TRANS 1510 {} 96374
   #TRANS 2611 {} -19275
   #TRANS 3010 {} -73000
   #TRANS 3010 {} -1270
   #TRANS 3010 {} -475
   #TRANS 3520 {} -2354
}
#VER "K" "408358" 20100722 "4543534 F-nr:408358"
{
   #TRANS 1510 {} 13031
   #TRANS 2611 {} -2606
   #TRANS 3010 {"1" "03"} -250
   #TRANS 3010 {"1" "06"} -2200
   #TRANS 3010 {"1" "07"} -11670
   #TRANS 3010 {"1" "09"} -1381
   #TRANS 3010 {"1" "14"} -500
   #TRANS 3010 {"1" "18"} 16001
   #TRANS 3010 {} -4000
   #TRANS 3010 {} -6075
   #TRANS 3010 {} -350
}
#VER "K" "408359" 20100723 "1160 F-nr:408359"
{
   #TRANS 1510 {} 15619
   #TRANS 2611 {} -3124
   #TRANS 3010 {} -11650
   #TRANS 3010 {} -845
}
#VER "K" "408360" 20100723 "1685 F-nr:408360"
{
   #TRANS 1510 {} 2413
   #TRANS 2611 {} -483
   #TRANS 3010 {} -1930
}
#VER "K" "408361" 20100723 "2605 F-nr:408361"
{
   #TRANS 1510 {} 2156
   #TRANS 2611 {} -431
   #TRANS 3010 {} -1400
   #TRANS 3010 {} -325
}
#VER "K" "408362" 20100723 "3269 F-nr:408362"
{
   #TRANS 1510 {} 8721
   #TRANS 2611 {} -1744
   #TRANS 3010 {} -2148
   #TRANS 3010 {} -1188
   #TRANS 3010 {} -1160
   #TRANS 3010 {} -1246
   #TRANS 3520 {} -1235
}
#VER "K" "408363" 20100723 "3550 F-nr:408363"
{
   #TRANS 1510 {} 26575
   #TRANS 2611 {} -5315
   #TRANS 3010 {} -21260
}
#VER "K" "408364" 20100723 "3702 F-nr:408364"
{
   #TRANS 1510 {} 1419
   #TRANS 2611 {} -284
   #TRANS 3010 {} -1000
   #TRANS 3010 {} -135
}
#VER "K" "408365" 20100723 "4024 F-nr:408365"
{
   #TRANS 1510 {} 8125
   #TRANS 2611 {} -1625
   #TRANS 3010 {} -4500
   #TRANS 3010 {} -2000
}
#VER "K" "408366" 20100723 "4024 F-nr:408366"
{
   #TRANS 1510 {} 2156
   #TRANS 2611 {} -431
   #TRANS 3010 {} -1125
   #TRANS 3010 {} -600
}
#VER "K" "408367" 20100723 "4024 F-nr:408367"
{
   #TRANS 1510 {} 10094
   #TRANS 2611 {} -2019
   #TRANS 3010 {} -4875
   #TRANS 3010 {} -3200
}
#VER "K" "408368" 20100723 "4024 F-nr:408368"
{
   #TRANS 1510 {} 8125
   #TRANS 2611 {} -1625
   #TRANS 3010 {} -4500
   #TRANS 3010 {} -2000
}
#VER "K" "408369" 20100723 "4211 F-nr:408369"
{
   #TRANS 1510 {} 3544
   #TRANS 2611 {} -709
   #TRANS 3010 {} -950
   #TRANS 3010 {} -960
   #TRANS 3010 {} -75
   #TRANS 3010 {} -850
}
#VER "K" "408370" 20100723 "4543534 F-nr:408370"
{
   #TRANS 1510 {} 1313
   #TRANS 2611 {} -263
   #TRANS 3420 {} -1050
}
#VER "C" "600501" 20100709 "3346 F-nr: 407910"
{
   #TRANS 1510 {} -14935
   #TRANS 1510 {} -30259
   #TRANS 1510 {} -20180
   #TRANS 1510 {} -4415
   #TRANS 1510 {} -11828
   #TRANS 1510 {} -100308
   #TRANS 1510 {} -114648
   #TRANS 1510 {} -42453
   #TRANS 1510 {} -35516
   #TRANS 1510 {} -85413
   #TRANS 1510 {} -8031
   #TRANS 1510 {} -27275
   #TRANS 1510 {} -100655
   #TRANS 1510 {} -5018
   #TRANS 1510 {} -34620
   #TRANS 1510 {} -164041
   #TRANS 1510 {} -23321
   #TRANS 1510 {} -23975
   #TRANS 2411 {} 846891
}
#VER "C" "600502" 20100712 "3498 F-nr: 408061"
{
   #TRANS 1510 {} 950
   #TRANS 1510 {} 50
   #TRANS 1510 {} 5281
   #TRANS 1510 {} -17450
   #TRANS 1510 {} -177605
   #TRANS 1510 {} -3016
   #TRANS 1510 {} -15104
   #TRANS 1510 {} -32328
   #TRANS 1510 {} -6393
   #TRANS 1510 {} -28474
   #TRANS 1510 {} -18316
   #TRANS 1510 {} -981
   #TRANS 1510 {} -20563
   #TRANS 1510 {} -6685
   #TRANS 1510 {} -10238
   #TRANS 1510 {} -3888
   #TRANS 1510 {} -19138
   #TRANS 1510 {} -8813
   #TRANS 1510 {} -176388
   #TRANS 1510 {} -1063
   #TRANS 1510 {} -10594
   #TRANS 1510 {} -5281
   #TRANS 1510 {} -68111
   #TRANS 2411 {} 624148
}
#VER "C" "600503" 20100713 "1799 F-nr: 407971"
{
   #TRANS 1510 {} -26414
   #TRANS 1510 {} -14500
   #TRANS 1510 {} -24725
   #TRANS 1510 {} -27063
   #TRANS 1510 {} -37980
   #TRANS 1510 {} -583794
   #TRANS 1510 {} -40344
   #TRANS 1510 {} -109156
   #TRANS 1510 {} -16250
   #TRANS 1510 {} -33838
   #TRANS 1510 {} -129485
   #TRANS 1510 {} -4669
   #TRANS 1510 {} -5900
   #TRANS 1510 {} -9744
   #TRANS 1510 {} -15338
   #TRANS 1510 {} -52749
   #TRANS 1510 {} -8625
   #TRANS 1510 {} -34726
   #TRANS 1510 {} -108384
   #TRANS 1510 {} -53281
   #TRANS 1510 {} -89074
   #TRANS 1510 {} -10986
   #TRANS 1510 {} -17315
   #TRANS 1510 {} -20580
   #TRANS 1510 {} -8241
   #TRANS 1510 {} -12270
   #TRANS 1510 {} -31581
   #TRANS 2411 {} 1527012
}
#VER "C" "600504" 20100714 "3875 F-nr: 408276"
{
   #TRANS 1510 {} -250
   #TRANS 1510 {} -83321
   #TRANS 1510 {} -45340
   #TRANS 1510 {} -21806
   #TRANS 1510 {} -12053
   #TRANS 1510 {} -22381
   #TRANS 1510 {} -14375
   #TRANS 1510 {} -10500
   #TRANS 1510 {} -13200
   #TRANS 1510 {} -40581
   #TRANS 1510 {} -65308
   #TRANS 1510 {} -3238
   #TRANS 2411 {} 332353
}
#VER "C" "600505" 20100715 "2183 F-nr: 407950"
{
   #TRANS 1510 {} -36250
   #TRANS 1510 {} 269
   #TRANS 1510 {} -4590
   #TRANS 1510 {} -28895
   #TRANS 1510 {} -888
   #TRANS 1510 {} -1150
   #TRANS 1510 {} -1825
   #TRANS 1510 {} -5281
   #TRANS 1510 {} -8925
   #TRANS 1510 {} -4019
   #TRANS 1510 {} -33719
   #TRANS 1510 {} -18988
   #TRANS 1510 {} -37325
   #TRANS 1510 {} -99719
   #TRANS 1510 {} -18561
   #TRANS 1510 {} -3433
   #TRANS 1510 {} -76059
   #TRANS 1510 {} -18294
   #TRANS 1510 {} -19355
   #TRANS 1510 {} -24778
   #TRANS 1510 {} -37615
   #TRANS 1510 {} -80575
   #TRANS 2411 {} 559975
}
#VER "C" "600506" 20100716 "1915 F-nr: 407947"
{
   #TRANS 1510 {} -49726
   #TRANS 1510 {} -16063
   #TRANS 1510 {} -26563
   #TRANS 1510 {} -35766
   #TRANS 1510 {} -74921
   #TRANS 1510 {} -11610
   #TRANS 1510 {} -29065
   #TRANS 1510 {} -15600
   #TRANS 1510 {} -13469
   #TRANS 1510 {} -12604
   #TRANS 1510 {} -14188
   #TRANS 2411 {} 299575
}
#VER "C" "600507" 20100719 "3319 F-nr: 407986"
{
   #TRANS 1510 {} -17581
   #TRANS 1510 {} -4916
   #TRANS 1510 {} -1150
   #TRANS 1510 {} -99855
   #TRANS 1510 {} -28088
   #TRANS 1510 {} -19856
   #TRANS 1510 {} -6411
   #TRANS 1510 {} -5223
   #TRANS 1510 {} -2269
   #TRANS 1510 {} -5906
   #TRANS 1510 {} -12144
   #TRANS 1510 {} -10423
   #TRANS 1510 {} -1000
   #TRANS 1510 {} -20688
   #TRANS 1510 {} -8875
   #TRANS 1510 {} -9025
   #TRANS 1510 {} -19430
   #TRANS 2411 {} 272840
}
#VER "C" "600508" 20100720 "1847 F-nr: 408006"
{
   #TRANS 1510 {} -27068
   #TRANS 1510 {} -18688
   #TRANS 1510 {} -26094
   #TRANS 1510 {} -26091
   #TRANS 1510 {} -11253
   #TRANS 1510 {} -15311
   #TRANS 1510 {} -29088
   #TRANS 1510 {} -15563
   #TRANS 1510 {} -5269
   #TRANS 1510 {} -31908
   #TRANS 1510 {} -26778
   #TRANS 1510 {} -15531
   #TRANS 1510 {} -1875
   #TRANS 1510 {} -56771
   #TRANS 1510 {} -10638
   #TRANS 1510 {} -23838
   #TRANS 1510 {} -31748
   #TRANS 1510 {} -85248
   #TRANS 2411 {} 458760
}
#VER "C" "600509" 20100721 "59781385 F-nr: 408110"
{
   #TRANS 1510 {} -168500
   #TRANS 1510 {} -18725
   #TRANS 1510 {} -36166
   #TRANS 1510 {} -1840
   #TRANS 1510 {} -18333
   #TRANS 1510 {} -17423
   #TRANS 1510 {} -27313
   #TRANS 1510 {} -14965
   #TRANS 1510 {} -26996
   #TRANS 1510 {} -12638
   #TRANS 1510 {} -21813
   #TRANS 1510 {} -34010
   #TRANS 1510 {} -18823
   #TRANS 1510 {} -10601
   #TRANS 1510 {} -3060
   #TRANS 1510 {} -26914
   #TRANS 2411 {} 458120
}
#VER "C" "600510" 20100722 "2183 F-nr: 408040"
{
   #TRANS 1510 {} -17438
   #TRANS 1510 {} -7911
   #TRANS 1510 {} -28000
   #TRANS 1510 {} -10593
   #TRANS 1510 {} -29438
   #TRANS 1510 {} -64803
   #TRANS 2411 {} 158183
}
