#FLAGGA 0
#PROGRAM "Open End Testing"

#ADRESS "Siw Eriksson" "Box 1" "123 45 STORSTAD" "012-34 56 78"
#BKOD test
#FNAMN "Testing Corp"
#FTYP AB
#KPTYP EUBAS97
#ORGNR 555555-5555
#TAXAR 2010
#VALUTA SEK

#RAR 0 20100101 20101231
#RAR -1 20090101 20091231

#DIM 1 "Avdelning"
#DIM 27 "Pyssel"

#KONTO 1910 Kassa
#KTYP 1910 T
#SRU 1910 7281
#ENHET 1910 test
#IB 0 1910 200.00
#UB 0 1910 300.00
#IB -1 1910 100.00
#UB -1 1910 200.00

#KONTO 5130 Foo
#SRU	5130	528
#RES	-1	5130	6188.00
#RES	0	5130	7966.00

#KONTO 6000 Bar

#OBJEKT 1 "0" "Foo"

#OIB -1  1910 {1 "0"} 382125.00
#OUB -1  1910 {1 "0"} 509722.00

#PBUDGET  0 201208 6000 {} 500.00

#OBJEKT 1  101      "Sven Svensson"

#VER	A	1	20100101	"Kv 1"
{
	#TRANS	5130	{}	1592.00	20120102	"Kv 1"	0.00
	#TRANS	1910	{}	-1592.00	20120102	""	0.00
}
