#FLAGGA 0

#ADRESS "Mr. Contact" "Box 1" "123 45 STORSTAD" "012-34 56 78"
#BKOD "Test code"
#FNAMN "Testing Corp"
#FTYP AB
#KPTYP EUBAS97
#ORGNR 555555-5555
#TAXAR 2010
#VALUTA SEK

#RAR 0 20100101 20101231
#RAR -1 20090101 20091231

#DIM 1  "Dimension 1"
#DIM 27 "Dimension 27"

#KONTO 1000 "Konto 1000"
#KTYP  1000 T
#SRU   1000 7281
#ENHET 1000 test
#IB 0  1000 200.00
#IB -1 1000 100.00
#UB -1 1000 200.00

#KONTO 2000 "Konto 2000"
#IB 0  2000 100.00
#MOMSKOD 2000 10

#KONTO 3000 "Konto 3000"
#KTYP  3000 I
#MOMSKOD 3000 05

#KONTO 4000 "Konto 4000"
#KTYP  4000 K

#OBJEKT 1 101 "Object 101"
#OIB 0 1000 {1 101} 100.0

#OBJEKT 6 601 "Object 601 - In a project dimension"
#OIB 0 2000 {6 601} 100.0

#VER B 1 20100101 "Verfication 1"
{
  #TRANS 1000 {1 101}  1500.00 20120102 "Kv 1" 0.00
  #TRANS 2000 {6 601} -1500.00 20120102 "Kv 1" 0.00
}

#VER B 2 20100102 "Verification 2"
{
  #TRANS 3000 {}  100.00 20100102 "Kv 1"  1.00
  #TRANS 4000 {} -100.00 20100102 "Kv 1" -1.00
}


#PROSA Budgets aren't copied, but historical data is retained
#PBUDGET 0 201001 3000 {1 101} 10000.00
#PBUDGET 0 201001 4000 {}      20000.00
