#FLAGGA 0
#PROGRAM "Open End Testing"

#ADRESS "" "" "" "42012-34 56 78"
#FNAMN "org Testing Corp"
#KPTYP EUBAS97
#ORGNR 425555-555555
#TAXAR 2011
#VALUTA SEK

#RAR 0 20110101 20111231
#RAR -1 20100101 20101231
#RAR -2 20090101 20091231

#DIM 1  "Dimension 1"
#DIM 27 "Dimension 27"

#KONTO 1000 "Konto 1000"
#KTYP  1000 T
#SRU   1000 7281
#ENHET 1000 test
#IB  0 1000 1700.00
#IB -1 1000  200.00
#UB -1 1000 1700.00
#IB -2 1000  100.00
#UB -2 1000  200.00

#KONTO 2000 "Konto 2000"
#IB 0  2000 -1400.00
#IB -1 2000   100.00
#UB -1 2000 -1400.00
#MOMSKOD 2000 10

#KONTO  3000 "Konto 3000"
#KTYP   3000 I
#RES  0 3000   0.00 0.00
#RES -1 3000 100.00 1.00
#MOMSKOD 3000 05

#KONTO  4000 "Konto 4000"
#KTYP   4000 K
#RES  0 4000    0.00  0.00
#RES -1 4000 -100.00 -1.00

#SERIE B

#OBJEKT 1 101 "Object 101"
#OBJEKT 6 601 "Object 601 - In a project dimension"

#PROSA #OIB  0 1000 {1 101} 1600.00
#OIB -1 1000 {1 101} 100.00
#OUB -1 1000 {1 101} 1600.00

#PROSA Year 0 has the same values as year -1 in a project dimension
#OIB  0 2000 {6 601}   100.00
#OUB  0 2000 {6 601} -1400.00
#OIB -1 2000 {6 601}   100.00
#OUB -1 2000 {6 601} -1400.00

#PBUDGET -1 201001 3000 {1 101} 10000.00
#PBUDGET -1 201001 4000 {}      20000.00
