110001234566170501LEVERANTORSBETALNINGAR                                        
14000888888556897456986              000000098000170505     LEKGFNUQPYJUBYH7XVNA
14000888888512356986799              000000021000170503     LEKGFNUQPYJUBYH7XVPA
29000123456600000002000000119000                                                
