110009912346071215LEVERANTÖRSBETALNINGAR                                        
13REFERENS                       BELOPP                                         
14000123456656897456986              000000098000080130     VERIF 12            
14000123456612356986799              000000021000080104     VERIF 13            
140001234566421948311319             000000528000080104     VERIF 14            
14000123456615204076                 000000063000080107     VERIF 16            
14000123456649060593                 000000003000080107     VERIF 18            
14000123456648774616                 000000098000080130     VERIF 19            
160001234566563258967410             000000086000080112     VERIF 32            
160001234566566986547214             000000023300080130     VERIF 33            
16000123456608570215155              000000445000080130     VERIF 34            
14000123456618404079                 000000021000080104     VERIF 20            
14000123456649243777                 000000528000080104     VERIF 22            
14000123456634136606                 000000063000080107     VERIF 23            
14000123456649342306                 000000003000080107     VERIF 24            
4000009900108357001112223332RESEERS                                             
14000099001015204076                 000000230000080130     VERIF 25            
4000009900285841000001009955                                                    
14000099002849060593                 000000140000080130     VERIF 26            
40000099003 3300003232323232                                                    
14000099003 48774616                 000000800000080130     VERIF 27            
26000099004 HANDELSBOLAGET HB                                                   
27000099004 TORSGATAN 84                       11225STOCKHOLM                   
14000099004 563258911111             000001500000080130     VERIF 29            
26000099005 ENSKILDA FIRMAN                                                     
27000099005 JÄRNVÄGSGATAN 84                   64554HALLSBERG                   
14000099005 12356986799              000000500000080130     VERIF 30            
29000991234600000018000004041700                                                