01BGMAX               0120040525173035010331P                                   
050009912346          SEK                                                       
200003783511                         000000000000180000020001200000180          
220003783511                   665760000000000000000000220001200000180          
220003783511                   665869000000000000000000220001200000180          
220003783511                   665661000000000000000000220001200000180                  
25Betalning med extra refnr 665869 657375 665661                                
25665760                                                                        
26Kalles Plåt AB                                                                
27Storgatan 2                        12345                                      
28Storåker                                                                      
29005500001234                                                                  
200097012333                   524967000000000000190000210000000000190          
26Olles färg AB                                                                 
27Lillagatan 3                       12345                                      
28Storåker                                                                      
2900550000432                                                                   
15000000000000000000058410000010098232004052500056000000000000370000SEK00000002 
050009912346          SEK                                                       
200001234567                         000000000000200000030000000000201          
220001234567                   573964000000000000170000230000000000201          
220001234567                   573865000000000000030000230000000000201          
26Berits Garn                                                                   
27Storgatan 10                       12345                                      
28Storåker                                                                      
29005500002222                                                                  
15000000000000000000058410000010098232004052500057000000000000200000SEK00000001 
050009912346          SEK                                                       
200009701233                   525865000000000000050000210000000000210          
26Olles färg AB                                                                 
27Lillagatan 3                       12345                                      
28Storåker                                                                      
29005500004322                                                                  
200001234567                   525766000000000000050000210000000000220          
26Berits Garn                                                                   
27Storgatan 10                       12345                                      
28Storåker                                                                      
29005500002222                                                                  
200000000000                   535765000000000000050000230000000000230          
200003783511                         000000000000140000030000000000301          
2200037835117495575                  000000000000100000530000000000301          
220003783511                   695668000000000000050000230000000000301          
2200037835118988777                  000000000000040000530000000000301          
230003783511                   744565000000000000050000230000000000301          
26Kalles Plåt AB                                                                
27Storgatan 2                        12345                                      
28Storåker                                                                      
29005500001234                                                                  
15000000000000000000058410000010098232004052500058000000000000290000SEK00000004 
7000000007000000000000000900000003


