01BGMAX               0120051206173035010331P                                   
050009912346          SEK                                                       
200000000000                         000000000000100000030594830000021          
220000000000128717                   000000000000000000530594830000021          
220000000000                     5249000000000000000000230594830000021          
220000000000                    22657000000000000000000230594830000021          
200000000000                         000000000000078000030594830000031          
220000000000                    23457000000000000000000230594830000031          
220000000000                     3343000000000000000000230594830000031          
200000000000                    22657000000000000029100230594830000041          
20000000000043753                    000000000000030000530594830000051          
200003783511                         000000000000070000030594830000061          
220003783511                    34850000000000000040000230594830000061          
230003783511                    47852000000000000020000230594830000061          
220003783511                   583161000000000000050000230594830000061          
26Kalles Plåt AB                                                                
27Storgatan 2                        12345                                      
28Storåker                                                                      
29005500001234                                                                  
20009701233                          000000000000046200330594830000071          
22009701233                    246462000000000000000000230594830000071          
22009701233                   3861275000000000000000000230594830000071          
26Olles färg AB                                                                 
27Lillagatan 3                       12345                                      
28Storåker                                                                      
29005500004321                                                                  
15000000000000000000058410000010098232005120600005000000000000353300SEK00000006 
7000000006000000000000001000000001                                              
